{
  "leader": "03660cam a22004331i 4500",
  "fields": [
    {
      "001": "ocm01234933\\"
    },
    {
      "003": "OCoLC"
    },
    {
      "005": "20230104151654.0"
    },
    {
      "008": "750325s1956\\\\\\\\nyuab\\\\\\\\b\\\\\\\\000\\0\\eng\\\\"
    },
    {
      "010": {
        "ind1": "\\",
        "ind2": "\\",
        "subfields": [
          {
            "a": "   56006556 "
          }
        ]
      }
    },
    {
      "040": {
        "ind1": "\\",
        "ind2": "\\",
        "subfields": [
          {
            "a": "DLC"
          },
          {
            "b": "eng"
          },
          {
            "c": "DLC"
          },
          {
            "d": "WSU"
          },
          {
            "d": "SER"
          },
          {
            "d": "UKM"
          },
          {
            "d": "EL{dollar}"
          },
          {
            "d": "DIBAM"
          },
          {
            "d": "LVB"
          },
          {
            "d": "WY@"
          },
          {
            "d": "GEBAY"
          },
          {
            "d": "BLBSF"
          },
          {
            "d": "UKMGB"
          },
          {
            "d": "DEBBG"
          },
          {
            "d": "OCLCO"
          },
          {
            "d": "OCLCF"
          },
          {
            "d": "OCLCQ"
          },
          {
            "d": "NLC"
          },
          {
            "d": "OCLCQ"
          },
          {
            "d": "OCLCO"
          },
          {
            "d": "CSJ"
          },
          {
            "d": "BOS"
          },
          {
            "d": "OCLCQ"
          },
          {
            "d": "OCLCO"
          },
          {
            "d": "OCLCA"
          },
          {
            "d": "AHS"
          },
          {
            "d": "IL4J6"
          },
          {
            "d": "OCLCO"
          },
          {
            "d": "NKM"
          }
        ]
      }
    },
    {
      "016": {
        "ind1": "7",
        "ind2": "\\",
        "subfields": [
          {
            "a": "003975743"
          },
          {
            "2": "Uk"
          }
        ]
      }
    },
    {
      "016": {
        "ind1": "\\",
        "ind2": "\\",
        "subfields": [
          {
            "a": "(AMICUS)000004387721"
          }
        ]
      }
    },
    {
      "016": {
        "ind1": "7",
        "ind2": "\\",
        "subfields": [
          {
            "a": "009651079"
          },
          {
            "2": "Uk"
          }
        ]
      }
    },
    {
      "019": {
        "ind1": "\\",
        "ind2": "\\",
        "subfields": [
          {
            "a": "483863"
          },
          {
            "a": "844560297"
          },
          {
            "a": "977004103"
          },
          {
            "a": "1079333194"
          },
          {
            "a": "1271151702"
          }
        ]
      }
    },
    {
      "035": {
        "ind1": "\\",
        "ind2": "\\",
        "subfields": [
          {
            "a": "(OCoLC)1234933"
          },
          {
            "z": "(OCoLC)483863"
          },
          {
            "z": "(OCoLC)844560297"
          },
          {
            "z": "(OCoLC)977004103"
          },
          {
            "z": "(OCoLC)1079333194"
          },
          {
            "z": "(OCoLC)1271151702"
          }
        ]
      }
    },
    {
      "042": {
        "ind1": "\\",
        "ind2": "\\",
        "subfields": [
          {
            "a": "premarc"
          }
        ]
      }
    },
    {
      "043": {
        "ind1": "\\",
        "ind2": "\\",
        "subfields": [
          {
            "a": "cl-----"
          }
        ]
      }
    },
    {
      "050": {
        "ind1": "\\",
        "ind2": "4",
        "subfields": [
          {
            "a": "F1408"
          },
          {
            "b": ".W67 1956"
          }
        ]
      }
    },
    {
      "082": {
        "ind1": "0",
        "ind2": "4",
        "subfields": [
          {
            "a": "980"
          },
          {
            "b": "WOR"
          }
        ]
      }
    },
    {
      "100": {
        "ind1": "1",
        "ind2": "\\",
        "subfields": [
          {
            "a": "Worcester, Donald E."
          },
          {
            "q": "(Donald Emmet),"
          },
          {
            "d": "1915-2003."
          }
        ]
      }
    },
    {
      "245": {
        "ind1": "1",
        "ind2": "4",
        "subfields": [
          {
            "a": "The growth and culture of Latin America"
          },
          {
            "c": "[by] Donald E. Worcester and Wendell G. Schaeffer; illustrated by Paul Sagsoorian."
          }
        ]
      }
    },
    {
      "260": {
        "ind1": "\\",
        "ind2": "\\",
        "subfields": [
          {
            "a": "New York,"
          },
          {
            "b": "Oxford University Press,"
          },
          {
            "c": "1956."
          }
        ]
      }
    },
    {
      "300": {
        "ind1": "\\",
        "ind2": "\\",
        "subfields": [
          {
            "a": "xvii, 963 pages"
          },
          {
            "b": "illustrations, maps"
          },
          {
            "c": "22 cm"
          }
        ]
      }
    },
    {
      "336": {
        "ind1": "\\",
        "ind2": "\\",
        "subfields": [
          {
            "a": "text"
          },
          {
            "b": "txt"
          },
          {
            "2": "rdacontent"
          }
        ]
      }
    },
    {
      "337": {
        "ind1": "\\",
        "ind2": "\\",
        "subfields": [
          {
            "a": "unmediated"
          },
          {
            "b": "n"
          },
          {
            "2": "rdamedia"
          }
        ]
      }
    },
    {
      "338": {
        "ind1": "\\",
        "ind2": "\\",
        "subfields": [
          {
            "a": "volume"
          },
          {
            "b": "nc"
          },
          {
            "2": "rdacarrier"
          }
        ]
      }
    },
    {
      "340": {
        "ind1": "\\",
        "ind2": "\\",
        "subfields": [
          {
            "m": "8vo."
          },
          {
            "2": "rdabf"
          }
        ]
      }
    },
    {
      "504": {
        "ind1": "\\",
        "ind2": "\\",
        "subfields": [
          {
            "a": "Includes bibliographical references."
          }
        ]
      }
    },
    {
      "530": {
        "ind1": "\\",
        "ind2": "\\",
        "subfields": [
          {
            "a": "Also issued online."
          }
        ]
      }
    },
    {
      "505": {
        "ind1": "0",
        "ind2": "\\",
        "subfields": [
          {
            "a": "I. Genesis of Empire -- The sea route to india -- The indians of the conquest -- Spanish and portuguese administration in the sixteenth century -- The settlement of the caribbean arca -- The conquest of the aztecs -- Fall of the inca empire -- The battle for brazil -- II. Consolidation of Empire -- The contest for colonies -- Life in the latin american colonies -- The caribbean area, 1600-1700 -- The rise of new spain -- The flowering of peru -- The consolidation of brazil -- III. Maturity of Empire -- The enlightenment, international rivalry, and latin america -- New spain and the caribbean arca -- The emergence of new granada -- The decline of peru -- Development of the plata region -- Colonial preparation for brazilian nationhood -- IV. The Revolutionary Era -- Genesis of the independence movement -- The wars of independence in the south -- The wars of independence in the north -- The first mexican revolution -- Brazil from colony to american empire -- V. The Struggle for Political Stability -- The responsibilities of nationhood -- The stability of moderation: chile, brazil, and paraguay -- Tyranny and confusion: the dictatorship of juan manuel de rosas -- Caudillismo and anarchy: the bolivarian republics -- The age of santa anna -- VI. The Few and the Many -- Popular government on trial -- Southern south america: rapid growth and political experimentation -- Indo-america: an era of stagnation and retrogression -- From despotism to social revolution: the caribbean borderlands -- Brazil: the waning empire and the old empire -- VII. The Contest for Hegemony and the Rise of Indigenous Nationalism -- The struggle for economic independence -- Mexico: a study in dynamics -- The restless caribbean -- Brazil: destiny not quite manifest -- Argentina: uruguay, and chile -- Paraguay, bolivia, peru, and ecuador"
          }
        ]
      }
    },
    {
      "651": {
        "ind1": "\\",
        "ind2": "0",
        "subfields": [
          {
            "a": "Latin America"
          },
          {
            "x": "History."
          }
        ]
      }
    },
    {
      "651": {
        "ind1": "\\",
        "ind2": "7",
        "subfields": [
          {
            "a": "Latin America."
          },
          {
            "2": "fast"
          },
          {
            "0": "(OCoLC)fst01245945"
          }
        ]
      }
    },
    {
      "655": {
        "ind1": "\\",
        "ind2": "7",
        "subfields": [
          {
            "a": "History."
          },
          {
            "2": "fast"
          },
          {
            "0": "(OCoLC)fst01411628"
          }
        ]
      }
    },
    {
      "700": {
        "ind1": "1",
        "ind2": "\\",
        "subfields": [
          {
            "a": "Schaeffer, Wendell G.,"
          },
          {
            "e": "author."
          }
        ]
      }
    },
    {
      "776": {
        "ind1": "0",
        "ind2": "8",
        "subfields": [
          {
            "i": "Online version:"
          },
          {
            "a": "Worcester, Donald E. (Donald Emmet), 1915-2003."
          },
          {
            "t": "Growth and culture of Latin America."
          },
          {
            "d": "New York, Oxford University Press, 1956"
          },
          {
            "w": "(OCoLC)558381898"
          }
        ]
      }
    },
    {
      "994": {
        "ind1": "\\",
        "ind2": "\\",
        "subfields": [
          {
            "a": "Z0"
          },
          {
            "b": "NYRVC"
          }
        ]
      }
    },
    {
      "948": {
        "ind1": "\\",
        "ind2": "\\",
        "subfields": [
          {
            "h": "NO HOLDINGS IN NYRVC - 684 OTHER HOLDINGS"
          }
        ]
      }
    },
    {
      "999": {
        "ind1": "\\",
        "ind2": "\\",
        "subfields": [
          {
            "a": "00000000017804"
          }
        ]
      }
    }
  ]
}